@Article{abad03,
  Title                    = {{An extension of Herschel's method for dense and extensive catalogues. Application to the determination of solar motion}},
  Author                   = {{Abad}, C. and {Vieira}, K. and {Bongiovanni}, A. and {Romero}, L. and {Vicente}, B.},
  Journal                  = {\aap},
  Year                     = {2003},

  Month                    = jan,
  Pages                    = {345-351},
  Volume                   = {397},

  Adsnote                  = {Provided by the SAO/NASA Astrophysics Data System},
  Adsurl                   = {http://adsabs.harvard.edu/abs/2003A%26A...397..345A},
  Keywords                 = {astrometry, galaxies: stars clusters, methods: data analysis, stars: kinematics}
}

@Article{abell59,
  Title                    = {{The National Geographic Society-Palomar Observatory Sky Survey}},
  Author                   = {{Abell}, G.~O.},
  Journal                  = {Leaflet of the Astronomical Society of the Pacific},
  Year                     = {1959},
  Pages                    = {121},
  Volume                   = {8},

  Adsnote                  = {Provided by the SAO/NASA Astrophysics Data System},
  Adsurl                   = {http://adsabs.harvard.edu/abs/1959ASPL....8..121A}
}


@ARTICLE{Skrutskie2006,
   author = {{Skrutskie}, M.~F. and {Cutri}, R.~M. and {Stiening}, R. and 
  {Weinberg}, M.~D. and {Schneider}, S. and {Carpenter}, J.~M. and 
  {Beichman}, C. and {Capps}, R. and {Chester}, T. and {Elias}, J. and 
  {Huchra}, J. and {Liebert}, J. and {Lonsdale}, C. and {Monet}, D.~G. and 
  {Price}, S. and {Seitzer}, P. and {Jarrett}, T. and {Kirkpatrick}, J.~D. and 
  {Gizis}, J.~E. and {Howard}, E. and {Evans}, T. and {Fowler}, J. and 
  {Fullmer}, L. and {Hurt}, R. and {Light}, R. and {Kopan}, E.~L. and 
  {Marsh}, K.~A. and {McCallon}, H.~L. and {Tam}, R. and {Van Dyk}, S. and 
  {Wheelock}, S.},
    title = "{The Two Micron All Sky Survey (2MASS)}",
  journal = {\aj},
 keywords = {Catalogs, Infrared: General, Surveys},
     year = 2006,
    month = feb,
   volume = 131,
    pages = {1163-1183},
      doi = {10.1086/498708},
   adsurl = {http://adsabs.harvard.edu/abs/2006AJ....131.1163S},
  adsnote = {Provided by the SAO/NASA Astrophysics Data System}
}


@ARTICLE{Wright2010,
   author = {{Wright}, E.~L. and {Eisenhardt}, P.~R.~M. and {Mainzer}, A.~K. and 
  {Ressler}, M.~E. and {Cutri}, R.~M. and {Jarrett}, T. and {Kirkpatrick}, J.~D.    and {Padgett}, D. and {McMillan}, R.~S. and {Skrutskie}, M. and 
  {Stanford}, S.~A. and {Cohen}, M. and {Walker}, R.~G. and {Mather}, J.~C. and 
  {Leisawitz}, D. and {Gautier}, III, T.~N. and {McLean}, I. and 
  {Benford}, D. and {Lonsdale}, C.~J. and {Blain}, A. and {Mendez}, B. and 
  {Irace}, W.~R. and {Duval}, V. and {Liu}, F. and {Royer}, D. and 
  {Heinrichsen}, I. and {Howard}, J. and {Shannon}, M. and {Kendall}, M. and 
  {Walsh}, A.~L. and {Larsen}, M. and {Cardon}, J.~G. and {Schick}, S. and 
  {Schwalm}, M. and {Abid}, M. and {Fabinsky}, B. and {Naes}, L. and 
  {Tsai}, C.-W.},
    title = "{The Wide-field Infrared Survey Explorer (WISE): Mission Description and Initial On-orbit Performance}",
  journal = {\aj},
archivePrefix = "arXiv",
   eprint = {1008.0031},
 primaryClass = "astro-ph.IM",
 keywords = {infrared: general, space vehicles, surveys},
     year = 2010,
    month = dec,
   volume = 140,
      eid = {1868},
    pages = {1868-1881},
      doi = {10.1088/0004-6256/140/6/1868},
   adsurl = {http://adsabs.harvard.edu/abs/2010AJ....140.1868W},
  adsnote = {Provided by the SAO/NASA Astrophysics Data System}
}